%% This BibTeX bibliography file was created using BibDesk.
%% http://bibdesk.sourceforge.net/

%% Created for Bruno MÃ¼ller at 2017-06-12 21:41:38 +0200 


%% Saved with string encoding Unicode (UTF-8) 



@webpage{eu-ingredients-bmel,
	Date-Added = {2017-06-12 19:18:57 +0000},
	Date-Modified = {2017-06-12 19:41:33 +0000},
	Keywords = {ingredients list EU regulations},
	Lastchecked = {2017-06-12},
	Month = {06},
	Url = {http://www.bmel.de/DE/Ernaehrung/Kennzeichnung/VerpflichtendeKennzeichnung/VerpflichtendeKennzeichnung_node.html},
	Year = {2017},
	Bdsk-Url-1 = {http://www.bmel.de/DE/Ernaehrung/Kennzeichnung/VerpflichtendeKennzeichnung/VerpflichtendeKennzeichnung_node.html}}
